<?xml version="1.0" encoding="UTF-8"?>
<Document xmlns="urn:iso:std:iso:20022:tech:xsd:camt.053.001.02">
    <BkToCstmrStmt>
        <GrpHdr>
            <MsgId>2019120209494662890002</MsgId>
            <CreDtTm>2021-01-05T13:36:10</CreDtTm>
        </GrpHdr>
        <Stmt>
            <Id>949466289-EUR-1</Id>
            <ElctrncSeqNb>949466289</ElctrncSeqNb>
            <CreDtTm>2021-01-19T13:35:45</CreDtTm>
            <FrToDt>
                <FrDtTm>2021-01-19T00:00:00</FrDtTm>
                <ToDtTm>2021-01-19T23:59:59</ToDtTm>
            </FrToDt>
            <Acct>
                <Id>
                    <IBAN>EE712200221023241719</IBAN>
                </Id>
                <Ccy>EUR</Ccy>
                <Ownr>
                    <Nm>NARVA LINNAVALITSUSE KULTUURIOSAKOND</Nm>
                    <PstlAdr>
                        <Ctry>EE</Ctry>
                        <AdrLine>PEETRI PLATS 1, IDA-VIRUMAA, NARVA LINN</AdrLine>
                    </PstlAdr>
                    <Id>
                        <OrgId>
                            <Othr>
                                <Id>75024260</Id>
                            </Othr>
                        </OrgId>
                    </Id>
                </Ownr>
                <Svcr>
                    <FinInstnId>
                        <BIC>HABAEE2X</BIC>
                        <Nm>Swedbank AS</Nm>
                        <PstlAdr>
                            <Ctry>EE</Ctry>
                            <AdrLine>LIIVALAIA 8, TALLINN, 15040</AdrLine>
                        </PstlAdr>
                        <Othr>
                            <Id>10060701</Id>
                            <SchmeNm>
                                <Cd>COID</Cd>
                            </SchmeNm>
                        </Othr>
                    </FinInstnId>
                </Svcr>
            </Acct>
            <Bal>
                <Tp>
                    <CdOrPrtry>
                        <Cd>OPBD</Cd>
                    </CdOrPrtry>
                </Tp>
                <CdtLine>
                    <Incl>false</Incl>
                </CdtLine>
                <Amt Ccy="EUR">120</Amt>
                <CdtDbtInd>CRDT</CdtDbtInd>
                <Dt>
                    <Dt>2021-01-19</Dt>
                </Dt>
            </Bal>
            <Bal>
                <Tp>
                    <CdOrPrtry>
                        <Cd>CLBD</Cd>
                    </CdOrPrtry>
                </Tp>
                <Amt Ccy="EUR">120</Amt>
                <CdtDbtInd>CRDT</CdtDbtInd>
                <Dt>
                    <Dt>2021-01-19</Dt>
                </Dt>
            </Bal>
            <TxsSummry>
                <TtlCdtNtries>
                    <NbOfNtries>1</NbOfNtries>
                    <Sum>120.00</Sum>
                </TtlCdtNtries>
                <TtlDbtNtries>
                    <NbOfNtries>0</NbOfNtries>
                    <Sum>0.00</Sum>
                </TtlDbtNtries>
            </TxsSummry>
            <Ntry>
                <NtryRef>2021011900160089-1</NtryRef>
                <Amt Ccy="EUR">35.19</Amt>
                <CdtDbtInd>CRDT</CdtDbtInd>
                <Sts>BOOK</Sts>
                <BookgDt>
                    <Dt>2021-01-19</Dt>
                </BookgDt>
                <ValDt>
                    <Dt>2021-01-19</Dt>
                </ValDt>
                <AcctSvcrRef>2021011900160089-1</AcctSvcrRef>
                <BkTxCd>
                    <Domn>
                        <Cd>PMNT</Cd>
                        <Fmly>
                            <Cd>RCDT</Cd>
                            <SubFmlyCd>BOOK</SubFmlyCd>
                        </Fmly>
                    </Domn>
                    <Prtry>
                        <Cd>MK</Cd>
                        <Issr>Swedbank AS</Issr>
                    </Prtry>
                </BkTxCd>
                <NtryDtls>
                    <TxDtls>
                        <Refs>
                            <AcctSvcrRef>2021011900160089-1</AcctSvcrRef>
                            <InstrId>139</InstrId>
                        </Refs>
                        <AmtDtls>
                            <InstdAmt>
                                <Amt Ccy="EUR">35.19</Amt>
                            </InstdAmt>
                            <TxAmt>
                                <Amt Ccy="EUR">35.19</Amt>
                            </TxAmt>
                        </AmtDtls>
                        <RltdPties>
                            <Dbtr>
                                <Nm>NARVA LINNA SOTSIAALABIAMET</Nm>
                                <Id>
                                    <OrgId>
                                        <Othr>
                                            <Id>75009148</Id>
                                            <SchmeNm>
                                                <Cd>COID</Cd>
                                            </SchmeNm>
                                        </Othr>
                                    </OrgId>
                                </Id>
                            </Dbtr>
                            <DbtrAcct>
                                <Id>
                                    <IBAN>EE732200221010944702</IBAN>
                                </Id>
                            </DbtrAcct>
                        </RltdPties>
                        <RltdAgts>
                            <DbtrAgt>
                                <FinInstnId>
                                    <BIC>HABAEE2X</BIC>
                                </FinInstnId>
                            </DbtrAgt>
                        </RltdAgts>
                        <RmtInf>
                            <Ustrd>Arve nr.927781/1/12/2020-31.12.2020-Lasteaiateenused</Ustrd>
                            <Strd>
                                <CdtrRefInf>
                                    <Tp>
                                        <CdOrPrtry>
                                            <Cd>SCOR</Cd>
                                        </CdOrPrtry>
                                    </Tp>
                                    <Ref>9277818</Ref>
                                </CdtrRefInf>
                            </Strd>
                        </RmtInf>
                    </TxDtls>
                </NtryDtls>
            </Ntry>
        </Stmt>
    </BkToCstmrStmt>
</Document>